<?xml version="1.0" encoding="UTF-8"?><collection xmlns="http://www.loc.gov/MARC21/slim"><record><leader>00499nam--2200169-i-4500</leader><controlfield tag="001">000034902</controlfield><controlfield tag="002">20161230</controlfield><controlfield tag="005">20161230201040</controlfield><controlfield tag="008">060222s1000------------r-----000-0-eng-d</controlfield><datafield ind1=" " ind2=" " tag="040"><subfield code="a">IFIN-HH</subfield></datafield><datafield ind1=" " ind2=" " tag="080"><subfield code="a">517.3</subfield></datafield><datafield ind1="1" ind2=" " tag="100"><subfield code="a">Rasulov, M.L</subfield></datafield><datafield ind1="1" ind2="0" tag="245"><subfield code="a">North-holland series in applied mathematics and mechanics. vol. 3. methods of contour integration</subfield><subfield code="c">M.l. rasulov</subfield></datafield><datafield ind1=" " ind2=" " tag="260"><subfield code="a">Amsterdam</subfield><subfield code="b">North-holland Publ.Co</subfield><subfield code="c">1967</subfield></datafield><datafield ind1=" " ind2=" " tag="300"><subfield code="a">XIV+439P</subfield></datafield><datafield ind1=" " ind2=" " tag="852"><subfield code="a">35889</subfield><subfield code="c">53.02</subfield></datafield><datafield ind1=" " ind2=" " tag="CAT"><subfield code="a">Sys</subfield><subfield code="c">20151021</subfield><subfield code="h">104653</subfield></datafield></record></collection>